<record xmlns="http://www.loc.gov/MARC21/slim" xmlns:xsi="http://www.w3.org/2001/XMLSchema-instance" xsi:schemaLocation="http://www.loc.gov/MARC21/slim http://www.loc.gov/standards/marcxml/schema/MARC21slim.xsd"><leader>01608nam a2200313   4500</leader><controlfield tag="001">001679877</controlfield><controlfield tag="003">NNU</controlfield><controlfield tag="006">m        d        </controlfield><controlfield tag="007">cr cn |||m|||a</controlfield><controlfield tag="008">140707s1968    iq a    ob    00  0 arard</controlfield><datafield ind1=" " ind2=" " tag="040"><subfield code="a">NNU</subfield><subfield code="b">eng</subfield><subfield code="c">NNU</subfield></datafield><datafield ind1="0" ind2=" " tag="050"><subfield code="a">PJ6171</subfield><subfield code="b">.R3</subfield></datafield><datafield ind1="1" ind2=" " tag="100"><subfield code="a">R&#257;&#7693;&#299;, &#699;Abd al-&#7716;am&#299;d.</subfield></datafield><datafield ind1="1" ind2="0" tag="245"><subfield code="a">Shar&#7717; Tu&#7717;fat al-khal&#299;l f&#299; al-&#699;ar&#363;&#7693; wa-al-q&#257;fiyah</subfield><subfield code="h">[electronic resource] /</subfield><subfield code="c">ta&#700;l&#299;f &#699;Abd al-&#7716;am&#299;d al-R&#257;&#7693;&#299;.</subfield></datafield><datafield ind1=" " ind2=" " tag="260"><subfield code="a">Baghd&#257;d :</subfield><subfield code="b">Ma&#7789;ba&#699;at al-&#699;&#256;n&#299;,</subfield><subfield code="c">1968.</subfield></datafield><datafield ind1=" " ind2=" " tag="300"><subfield code="a">online resource (422 p.) :</subfield><subfield code="b">ill.</subfield></datafield><datafield ind1=" " ind2=" " tag="500"><subfield code="a">Title on cover: Sharh Tuhfat al-khalil fi al-arud wa al-qafiya.</subfield></datafield><datafield ind1=" " ind2=" " tag="500"><subfield code="a">Part of the Arabic Collections Online (ACO) project, contributed by New York Univeristy Libraries.</subfield></datafield><datafield ind1=" " ind2=" " tag="504"><subfield code="a">Bibliography: p. 415-418.</subfield></datafield><datafield ind1=" " ind2=" " tag="500"><subfield code="a">Added cover title: In English.</subfield></datafield><datafield ind1=" " ind2=" " tag="533"><subfield code="a">Electronic reproduction.</subfield><subfield code="b">New York, N.Y. :</subfield><subfield code="c">New York University,</subfield><subfield code="d">2014.</subfield><subfield code="5">NNU</subfield></datafield><datafield ind1="1" ind2="0" tag="600"><subfield code="a">Kayshaw&#257;n, Mu&#7717;ammad &#7716;usayn ibn K&#257;&#7827;im,</subfield><subfield code="d">1878-1937 or 8.</subfield><subfield code="t">Tu&#7717;fat al-khal&#299;l f&#299; al-&#699;ar&#363;&#7693; wa-al-q&#257;fiyah.</subfield></datafield><datafield ind1=" " ind2="0" tag="650"><subfield code="a">Arabic language</subfield><subfield code="x">Versification</subfield><subfield code="v">Early works to 1800.</subfield></datafield><datafield ind1="1" ind2="2" tag="700"><subfield code="a">Kayshaw&#257;n, Mu&#7717;ammad &#7716;usayn ibn K&#257;&#7827;im,</subfield><subfield code="d">1878-1937 or 8.</subfield><subfield code="t">Tu&#7717;fat al-khal&#299;l f&#299; al-&#699;ar&#363;&#7693; wa-al-q&#257;fiyah.</subfield><subfield code="f">1968.</subfield></datafield><datafield ind1="2" ind2=" " tag="710"><subfield code="a">New York University.</subfield><subfield code="b">Libraries.</subfield></datafield><datafield ind1="0" ind2=" " tag="730"><subfield code="a">Arabic Collections Online.</subfield></datafield><datafield ind1="0" ind2="8" tag="776"><subfield code="i">Print version:</subfield><subfield code="a">R&#257;&#7693;&#299;, &#699;Abd al-&#7716;am&#299;d.</subfield><subfield code="t">Shar&#7717; Tu&#7717;fat al-khal&#299;l f&#299; al-&#699;ar&#363;&#7693; wa-al-q&#257;fiyah</subfield><subfield code="w">(NNU)001679877</subfield><subfield code="w">(DLC)71218386 /NE</subfield></datafield><datafield ind1="4" ind2="0" tag="856"><subfield code="u">http://hdl.handle.net/2333.1/4mw6mbq4</subfield></datafield><datafield ind1=" " ind2=" " tag="959"><subfield code="a">NNU</subfield><subfield code="b">WEB</subfield><subfield code="c">GENI</subfield><subfield code="t">0</subfield><subfield code="m">Electronic access</subfield><subfield code="s">01</subfield></datafield></record>